%% LaTeX2e file `01.bib'
%% generated by the `filecontents' environment
%% from source `01' on 2017/04/12.
%%
@book{Dumke2001,
    Author = {Dumke},
    Publisher = {Vieweg},
    Title = {Software-Engineering},
    Year = {2001},
    ISBN = {3-528-25355-X}}
